@article{foster2015networking,
  title={Networking materials data: Accelerating discovery at an experimental facility},
  author={Foster, Ian and Ananthakrishnan, Rachana and Blaiszik, Ben and Chard, Kyle and Osborn, Ray and Tuecke, Steven and Wilde, Mike and Wozniak, Justin},
  journal={Big Data and High Performance Computing},
  year={2015}
}

@article{MDF2016,
  title = {The {Materials Data Facility}:  Data Services to Advance Materials Science Research},
  author = {Ben Blaiszik and Kyle Chard and Jim Pruyne and Rachana Ananthakrishnan and Steven Tuecke and Ian Foster},
  journal = {Journal of Materials},
  volume={68},
  number={8},
  pages={2045--2052},
  year = 2016
}

@inproceedings{wozniak2015big,
  title={Big data remote access interfaces for light source science},
  author={Wozniak, Justin M and Chard, Kyle and Blaiszik, Ben and Osborn, Ray and Wilde, Michael and Foster, Ian},
  booktitle={IEEE/ACM 2nd International Symposium on Big Data Computing},
  pages={51--60},
  year={2015},
  organization={IEEE}
}
